<record><leader>00000cas a22000007a 4500</leader><controlfield tag="001">19175819</controlfield><controlfield tag="008">890213d19051929mouwr ne      0    0eng d</controlfield><datafield ind1=" " ind2=" " tag="010"><subfield code="a">sn 89066306 </subfield></datafield><datafield ind1=" " ind2=" " tag="040"><subfield code="a">MQN</subfield><subfield code="b">eng</subfield><subfield code="c">MQN</subfield><subfield code="d">OCLCQ</subfield></datafield><datafield ind1=" " ind2=" " tag="042"><subfield code="a">msc</subfield></datafield><datafield ind1="0" ind2=" " tag="130"><subfield code="a">Bethany clipper (Bethany, Mo. : 1905)</subfield></datafield><datafield ind1="1" ind2="0" tag="245"><subfield code="a">Bethany clipper.</subfield></datafield><datafield ind1=" " ind2=" " tag="260"><subfield code="a">Bethany, Mo. :</subfield><subfield code="b">W. Sam &amp; Ada L. Wightman,</subfield><subfield code="c">1905-1929.</subfield></datafield><datafield ind1=" " ind2=" " tag="300"><subfield code="a">v.</subfield></datafield><datafield ind1=" " ind2=" " tag="310"><subfield code="a">Weekly</subfield></datafield><datafield ind1="0" ind2=" " tag="362"><subfield code="a">Vol. 1, no. 1 (Oct. 7, 1905)-v. 24, no. 22 (Jan. 30, 1929).</subfield></datafield><datafield ind1=" " ind2=" " tag="580"><subfield code="a">The Wightman family previously published another weekly newspaper of the same title, also in Bethany, Mo., Jan. 18, 1883-&lt;1887&gt;.</subfield></datafield><datafield ind1=" " ind2="4" tag="651"><subfield code="a">Bethany (Mo.)</subfield><subfield code="v">Newspapers.</subfield></datafield><datafield ind1=" " ind2=" " tag="752"><subfield code="a">United States</subfield><subfield code="b">Missouri</subfield><subfield code="c">Harrison</subfield><subfield code="d">Bethany.</subfield></datafield><datafield ind1="0" ind2="7" tag="785"><subfield code="t">Bethany republican (Bethany, Mo.)</subfield><subfield code="w">(DLC)sn 86063275</subfield></datafield><datafield ind1="0" ind2="7" tag="785"><subfield code="t">Bethany republican-clipper</subfield><subfield code="w">(DLC)sn 89066303</subfield></datafield><datafield ind1="1" ind2=" " tag="787"><subfield code="t">Bethany clipper (Bethany, Mo. : 1883)</subfield><subfield code="w">(DLC)sn 89066302</subfield></datafield><datafield ind1="1" ind2=" " tag="029"><subfield code="a">AU@</subfield><subfield code="b">000020556650</subfield></datafield></record>